<?xml version="1.0" encoding="UTF-8"?><collection xmlns="http://www.loc.gov/MARC21/slim"><record><leader>00408nam--2200133-i-4500</leader><controlfield tag="001">000004405</controlfield><controlfield tag="002">20161230</controlfield><controlfield tag="005">20161230201025</controlfield><controlfield tag="008">060222s1000------------r-----000-0-eng-d</controlfield><datafield ind1=" " ind2=" " tag="080"><subfield code="a">621.791.3</subfield></datafield><datafield ind1=" " ind2=" " tag="100"><subfield code="a">Apuhtin, G. I</subfield></datafield><datafield ind1=" " ind2=" " tag="245"><subfield code="a">Tehnologia lipirii imbinarilor de montaj in constructia de aparate. traducere din limba rusa</subfield></datafield><datafield ind1=" " ind2=" " tag="260"><subfield code="a">Bucuresti, I.D.T., 1959 140 P. + 106 Figuri + Lotografii</subfield></datafield><datafield ind1=" " ind2=" " tag="852"><subfield code="a">5754</subfield></datafield></record></collection>